@inproceedings{Tao:2013:GDN:2488388.2488499,
 author = {Tao, Ke and Abel, Fabian and Hauff, Claudia and Houben, Geert-Jan and Gadiraju, Ujwal},
 title = {Groundhog Day: Near-duplicate Detection on Twitter},
 booktitle = {Proceedings of the 22Nd International Conference on World Wide Web},
 series = {WWW '13},
 year = {2013},
 isbn = {978-1-4503-2035-1},
 location = {Rio de Janeiro, Brazil},
 pages = {1273--1284},
 numpages = {12},
 url = {http://doi.acm.org/10.1145/2488388.2488499},
 doi = {10.1145/2488388.2488499},
 acmid = {2488499},
 publisher = {ACM},
 address = {New York, NY, USA},
 keywords = {diversification, duplicate detection, search, twitter},
} 

@misc{radian6-salesforce,
  key = "Radian6-Salesforce-Marketing-Cloud",
  title = {{Social Media Management and Listening Tools}},
  url = "https://www.marketingcloud.com/products/social-media-marketing/radian6",
 }

@inproceedings{roy:13,
  author    = {Rishiraj Saha Roy},
  title     = {Analyzing linguistic structure of web search queries},
  booktitle = {22nd International World Wide Web Conference, {WWW} '13, Rio de Janeiro,
               Brazil, May 13-17, 2013, Companion Volume},
  pages     = {395--400},
  year      = {2013}
}

@inproceedings{Sakaki,
	author = {Sakaki, Takeshi and Okazaki, Makoto and Matsuo, Yutaka},
	title     = {{Earthquake Shakes Twitter Users: Real-time Event Detection by Social Sensors}},
	booktitle = {Proc. International Conference on World Wide Web (WWW)},
	pages     = {851--860},
	year      = {2010}
}


@inproceedings{Malmasi,
	author={Malmasi, Shervin
	and Dras, Mark"},
	editor={Hasida, K{\^o}iti
	and Purwarianti, Ayu},
	title={Location Mention Detection in Tweets and Microblogs},
	booktitle={Computational Linguistics},
	year={2016},
	publisher={Springer Singapore},
	address={Singapore},
	pages={123--134},
	isbn={978-981-10-0515-2}
}

\bibitem{Sakaki}
Sakaki, Takeshi, Okazaki.
Earthquake Shakes Twitter Users: Real-time Event Detection by Social Sensors. {\em Proceedings of the 19th International Conference on World Wide Web \(WWW\)},  pp.~851â€“-860, 2010.

@misc{Mapbox,
  title = {Chennai floods map: Crowdsourcing data and crisis mapping for emergency response},
  howpublished = {\url{https://osm-in.github.io/flood-map/chennai.html\#11/13.0000/80.2000}},
  year = {2015},
  note = {Accessed: 2018-01-22}
}

@misc{Ushahidi,
  title = {Ushahidi},
  howpublished = {\url{https://www.ushahidi.com/}},
  year = {2008},
  note = {Accessed: 2018-01-22}
}



@article{DBLP:journals/corr/abs-1708-03105,
  author    = {Hussein S. Al{-}Olimat and
               Krishnaprasad Thirunarayan and
               Valerie L. Shalin and
               Amit P. Sheth},
  title     = {Location Name Extraction from Targeted Text Streams using Gazetteer-based
               Statistical Language Models},
  journal   = {CoRR},
  volume    = {abs/1708.03105},
  year      = {2017},
  url       = {http://arxiv.org/abs/1708.03105},
  archivePrefix = {arXiv},
  eprint    = {1708.03105},
  timestamp = {Tue, 05 Sep 2017 10:03:46 +0200},
  biburl    = {http://dblp.org/rec/bib/journals/corr/abs-1708-03105},
  bibsource = {dblp computer science bibliography, http://dblp.org}
}

@inproceedings{TwitterNLP1,
 author = {Ritter, Alan and Clark, Sam and Mausam and Etzioni, Oren},
 title = {Named Entity Recognition in Tweets: An Experimental Study},
 booktitle = {Proceedings of the Conference on Empirical Methods in Natural Language Processing},
 series = {EMNLP '11},
 year = {2011},
 isbn = {978-1-937284-11-4},
 location = {Edinburgh, United Kingdom},
 pages = {1524--1534},
 numpages = {11},
 url = {http://dl.acm.org/citation.cfm?id=2145432.2145595},
 acmid = {2145595},
 publisher = {Association for Computational Linguistics},
 address = {Stroudsburg, PA, USA},
}

@inproceedings{TwitterNLP2,
 author = {Ritter, Alan and Mausam and Etzioni, Oren and Clark, Sam},
 title = {Open Domain Event Extraction from Twitter},
 booktitle = {Proceedings of the 18th ACM SIGKDD International Conference on Knowledge Discovery and Data Mining},
 series = {KDD '12},
 year = {2012},
 isbn = {978-1-4503-1462-6},
 location = {Beijing, China},
 pages = {1104--1112},
 numpages = {9},
 url = {http://doi.acm.org/10.1145/2339530.2339704},
 doi = {10.1145/2339530.2339704},
 acmid = {2339704},
 publisher = {ACM},
 address = {New York, NY, USA},
 keywords = {information extraction, social media},
}


@inproceedings{StanfordNER,
 author = {Finkel, Jenny Rose and Grenager, Trond and Manning, Christopher},
 title = {Incorporating Non-local Information into Information Extraction Systems by Gibbs Sampling},
 booktitle = {Proceedings of the 43rd Annual Meeting on Association for Computational Linguistics},
 series = {ACL '05},
 year = {2005},
 location = {Ann Arbor, Michigan},
 pages = {363--370},
 numpages = {8},
 url = {https://doi.org/10.3115/1219840.1219885},
 doi = {10.3115/1219840.1219885},
 acmid = {1219885},
 publisher = {Association for Computational Linguistics},
 address = {Stroudsburg, PA, USA},
} 

@article{AO2014731,
title = "Estimating the Locations of Emergency Events from Twitter Streams",
journal = "Procedia Computer Science",
volume = "31",
pages = "731 - 739",
year = "2014",
note = "2nd International Conference on Information Technology and Quantitative Management, ITQM 2014",
issn = "1877-0509",
doi = "https://doi.org/10.1016/j.procs.2014.05.321",
url = "http://www.sciencedirect.com/science/article/pii/S1877050914004980",
author = "Ji Ao and Peng Zhang and Yanan Cao",
keywords = "Sina Weibo, User Profiles, Geo tags, Location estimation, hierarchical clustering"
}

@inproceedings{twitie,
  title={TwitIE: An Open-Source Information Extraction Pipeline for Microblog Text},
  author={Bontcheva, Kalina and Derczynski, Leon and Funk, Adam and Greenwood, Mark A and Maynard, Diana and Aswani, Niraj},
  booktitle={In Proceedings of the Recent Advances in Natural Language Processing (RANLP 2013), Hissar},
  year={2013},
  organization={Citeseer}
}

@unknown{Peter,
author = {Norvig, Peter},
year = {2009},
month = {01},
pages = {219--242},
title = {Natural Language Corpus Data}
}

@misc{hawkins_2016, 
title={JaredHawkins/TweetGeoViz}, url={https://github.com/JaredHawkins/TweetGeoViz}, journal={GitHub}, author={Hawkins, Jared}, year={2016}, month={May}}

@misc{Plotly,
  title = {Plotly},
  howpublished = {\url{https://plot.ly/products/dash/}},
    year = {2016}
}

@article{middleton,
  title={Real-time crisis mapping of natural disasters using social media},
  author={Middleton, Stuart E and Middleton, Lee and Modafferi, Stefano},
  journal={IEEE Intelligent Systems},
  volume={29},
  number={2},
  pages={9--17},
  year={2014},
  publisher={IEEE}
}

@inproceedings{gelernter,
  title={Cross-lingual geo-parsing for non-structured data},
  author={Gelernter, Judith and Zhang, Wei},
  booktitle={Proceedings of the 7th Workshop on Geographic Information Retrieval},
  pages={64--71},
  year={2013},
  organization={ACM}
}

@inproceedings{lingad,
  title={Location extraction from disaster-related microblogs},
  author={Lingad, John and Karimi, Sarvnaz and Yin, Jie},
  booktitle={Proceedings of the 22nd international conference on world wide web},
  pages={1017--1020},
  year={2013},
  organization={ACM}
}

@inproceedings{ji2016joint,
  title={Joint recognition and linking of fine-grained locations from tweets},
  author={Ji, Zongcheng and Sun, Aixin and Cong, Gao and Han, Jialong},
  booktitle={Proceedings of the 25th International Conference on World Wide Web},
  pages={1271--1281},
  year={2016},
  organization={International World Wide Web Conferences Steering Committee}
}

@misc{OpenNLP,
  title = {OpenNLP},
  howpublished = {\url{http://opennlp.apache.org}},
    year = {2010}
}
	