% note="\url{http://tinyurl.com/aidr-disaster}",  
@misc{aidr,
  key="aidr",
  title={{AIDR - Artificial Intelligence for Disaster Response}},
  note="\url{http://aidr.qcri.org/}",
  year={2015}
}

@misc{crisislex,
  key="crisislex",
  title={{CrisisLex: Crisis-related Social Media Data and Tools}},
  note="\url{http://crisislex.org/}",
  year={}
}


@article{social-media-emergency-survey,
 author = {Imran, Muhammad and Castillo, Carlos and Diaz, Fernando and Vieweg, Sarah},
 title = {{Processing Social Media Messages in Mass Emergency: A Survey}},
 journal = {ACM Computing Surveys},
 volume = {47},
 number = {4},
 month = jun,
 year = {2015},
 pages = {67:1--67:38},
} 

%%%%%%%%%%%% papers related to text in other languages %%%%%%%%%%%%%%%%%

@InProceedings{vasu-devanagari-lexicon,
  author    = {Bakliwal, Akshat and Arora, Piyush and Varma, Vasudeva},
  title     = {Hindi Subjective Lexicon : A Lexical Resource for Hindi Polarity Classification},
  booktitle = {Proc. LREC},
  month     = {May},
  year      = {2012},
  address   = {Austin, Texas, USA}
}

@INPROCEEDINGS{thaokar-hindi-summarize,
author={Thaokar, C. and Malik, L.},
booktitle={IEEE Conference on Information Communication Technologies},
title={Test model for summarizing hindi text using extraction method},
year={2013},
month={April},
pages={1138-1143},
}

@InProceedings{reddy-hindi-pos,
  author    = {Reddy, Siva  and  Sharoff, Serge},
  title     = {{Cross Language POS Taggers (and other Tools) for Indian Languages: An Experiment with Kannada using Telugu Resources}},
  booktitle = {Proc. International Workshop On Cross Lingual Information Access},
  month     = {November},
  year      = {2011},
  publisher = {Asian Federation of Natural Language Processing},
  pages     = {11--19},
  url       = {http://www.aclweb.org/anthology/W11-3603}
}


%%%%%%%%%%%% papers related to Twitter trends %%%%%%%%%%%%%%%%%

@inproceedings{Yang-hashtags,
 author = {Yang, Lei and Sun, Tao and Zhang, Ming and Mei, Qiaozhu},
 title = {{We know what @you \#tag: does the dual role affect hashtag adoption?}},
 booktitle = {{WWW}},
 year = {2012},
 isbn = {978-1-4503-1229-5},
 location = {Lyon, France},
} 


@inproceedings{wang-2013-whomtomention,
 author = {Wang, Beidou and Wang, Can and Bu, Jiajun and Chen, Chun and Zhang, Wei Vivian and Cai, Deng and He, Xiaofei},
 title = {Whom to mention: expand the diffusion of tweets by@ recommendation on micro-blogging systems},
 booktitle = {{Proc. ACM International Conference on World Wide Web (WWW)}},
 year = {2013},
 pages = {1331--1340},
} 

@inproceedings{postag-2012,
 author = {Gimpel, Kevin and Schneider, Nathan and O'Connor, Brendan and Das, Dipanjan and Mills, Daniel and Eisenstein, Jacob and Heilman, Michael and Yogatama, Dani and Flanigan, Jeffrey and Smith, A., Noah},
 title = {Part-of-Speech Tagging for Twitter: Annotation, Features, and Experiments},
 booktitle = {{Proc. ACL}},
 year = {2011},
} 

@inproceedings{BerardiEMS11,
  author = {Berardi, Giacomo and Esuli, Andrea and Marcheggiani, Diego and Sebastiani, Fabrizio},
  booktitle = {TREC},
  publisher = {National Institute of Standards and Technology (NIST)},
  title = {ISTI@TREC Microblog Track 2011: Exploring the Use of Hashtag Segmentation and Text Quality Ranking.},
  year = {2011},
}

@inproceedings{weng-2014-predict-meme,
 author = {Weng, Lilian and Menczer, Filippo and Ahn, Yong-Yoel},
 title = {Predicting Successful Memes using Network and Community Structure},
 booktitle = {{Proc. AAAI ICWSM}},
 year = {2014},
} 

@inproceedings{ritter-2011,
  author = {Ritter, Alan and Clark, Sam and Etzioni, Oren},
  title = {{Named entity recognition in tweets: an experimental study}},
  booktitle = {{Proc. EMNLP}},
  pages = {1524--1534},
  year = {2011},
}


@inproceedings{tan-2014-wording,
 author = {Tan, Chenhao and Lee, Lillian and Pang, Bo},
 title = {The effect of wording on message propagation:Topic- and author-controlled natural experiments on Twitter},
 booktitle = {{Proc. ACL}},
 year = {2014},
 location = {Baltimore},
} 

@inproceedings{rudra-cikm-disaster,
 author = {Rudra, Koustav and Ghosh, Subham and Goyal, Pawan and Ganguly, Niloy and Ghosh, Saptarshi},
 title = {Extracting Situational Information from Microblogs during Disaster Events: A Classification-Summarization Approach},
 booktitle = {{Proc. ACM CIKM}},
 year = {2015},
 location = {Melbourne},
} 

@inproceedings{tsum-pakdd-disaster,
 author = {Nguyen, Minh-Tien and Kitamoto, Asanobu and Nguyen, Tri-Thanh},
 title = {TSum4act: A Framework for Retrieving and Summarizing Actionable Tweets during a Disaster for Reaction},
 booktitle = {{Proc. PAKDD}},
 year = {2015},
 location = {Vietnam},
} 

@inproceedings{asur-2011-trends,
 author = {Asur, Sitaram and Huberman, Bernardo A. and Szabo, Gabor and Wang, Chunyan},
 title = {Trends in social media: Persistence and decay},
 booktitle = {{Proc. AAAI ICWSM}},
 year = {2011},
}

@inproceedings{liu-2014-user-evolution,
 author = {Liu, Yabing and Kliman-Silver, Chloe and Mislove, Alan},
 title = {The tweets they are a-changin': Evolution of Twitter users and behavior},
 booktitle = {{Proc. AAAI ICWSM}},
 year = {2014},
} 

@inproceedings{zubiaga2014realtime,
  author = {Zubiaga, A. and Spina, D. and Fresno, V. and Mart{\'i}nez, R.},
  journal = {{Journal of the American Society for Information Science and Technology}},
  title = {{Real-Time Classification of Twitter Trends}},
  year = {{2014}},
}

@inproceedings{osborne-2014,
  author = {Osborne, Miles and Moran, Sean and McCreadie, Richard and Lunen, Alexander Von and Sykora, Martin and Cano, Elizabeth and Ireson, Neil and Macdonald, Craig and Ounis, Iadh and He, Yulan and Jackson, Tom and Ciravegna, Fabio and OBrien, Ann},
  title = {{Real-Time Detection, Tracking, and Monitoring of Automatically Discovered Events in Social Media}},
  booktitle = {{Proc. ACL}},
  year = {{2014}},
}

@article{rosvall-infomap,
  author = {Rosvall, M. and Bergstrom, C. T.},
  journal = {{PNAS}},
  volume = {105},
  pages = {1118--1123},
  title = {{Maps of random walks on complex networks reveal community structure}},
  year = {{2008}},
}

@inproceedings{Riloff-subjectivity,
 author = {Riloff, Ellen and Wiebe, Janyce},
 title = {{Learning Extraction Patterns for Subjective Expressions}},
 booktitle = {{Proceedings of the Conference on Empirical Methods in Natural Language Processing (EMNLP)}},
 year = {2003},
 pages = {105--112},
 publisher = {Association for Computational Linguistics},
}

@TECHREPORT{Heylighen-formality,
  AUTHOR =        {Heylighen, Francis and Dewaele, Jean-Marc},
  TITLE =         {{Formality of Language: definition, measurement and behavioral determinants}},
  NUMBER =        {},
  INSTITUTION =   {{Center ``Leo Apostel'', Free University of Brussels}},
  ADDRESS =       {},
  MONTH =         {},
  YEAR  =         {1999},
  PAGES =         {},
}

@inproceedings{mosquera-informality,
  title = {{Enhancing the discovery of informality levels in Web 2.0 texts}},
  author = {Mosquera, Alejandro and Moreda, Paloma},
  booktitle = {{Proceedings of the Language Technology Conference (LTC)}},
  pages = {},
  year = {2011},
}

@inproceedings{parveen-hubauthority,
  title = {{Multi-document Summarization Using Bipartite Graphs}},
  author = {Daraksha Parveen and Michael Strube},
  booktitle = {{Proc. TextGraphs Workshop on Graph-based Methods for Natural Language Processing}},
  pages = {15--24},
  month = {October},
  year = {2014},
}

@inproceedings{rajaraman-decay,
 author = {Anand Rajaraman and Jeffrey David Ullman},
 title = {Mining of Massive Datasets},
 booktitle = {{Cambridge University Press, New York}},
 year = {2011},
 location = {Baltimore},
}

@inproceedings{Owoputi-tweet-pos,
  author = {Owoputi, Olutobi and O'Connor, Brendan and Dyer, Chris and Gimpel, Kevin and Schneider, Nathan and Smith, Noah A},
  booktitle = {{Proceedings of NAACL-HLT}},
  pages = {380--390},
  title = {Improved part-of-speech tagging for online conversational text with word clusters},
  year = {2013},
}

@inproceedings{volkova-subjectivity-tweets,
  author    = {Volkova, Svitlana  and  Wilson, Theresa  and  Yarowsky, David},
  title     = {{Exploring Sentiment in Social Media: Bootstrapping Subjectivity Clues from Multilingual Twitter Streams}},
  booktitle = {{Proc. ACL (Vol2: Short Papers)}},
  year      = {2013},
}

@inproceedings{mihalcea-texrank,
  author    = {Rada Mihalcea and Paul Tarau},
  title     = {{TextRank:Bringing order into texts}},
  booktitle = {{Proc. EMNLP}},
  pages     = {404--411},
  year      = {2004},
}

@inproceedings{erkan-lexrank,
  author    = {Gunes Erkan and Dragomir R. Radev},
  title     = {{LexRank:Graph-based lexical centrality as salience in text summarization}},
  journal   = {{Artificial Intelligence Research}},
  Volume    = {22},
  pages     = {457--479},
  year      = {2004},
}

@inproceedings{fattah-gmm,
  author    = {Mohamed Abdel Fattah and Fuji Ren},
  title     = {{GA, MR, FFNN, PNN and GMM based models for automatic text summarization}},
  booktitle = {{Computer Speech and Language}},
  Volume    = {23},
  pages     = {126--141},
  year      = {2009},
}

@inproceedings{mcdonald-2007,
  author    = {Ryan McDonald},
  title     = {{A study of global inference algorithms in multi-document summarization}},
  booktitle = {{Proc. ECIR}},
  year      = {2007},
}

@inproceedings{barzilay-lexical,
  author    = {R. Barzilay and M. Elhadad},
  title     = {{Using lexical chains for text summarization}},
  booktitle = {{Proc. ACL Workshop on Intelligent Scalable Text Summarization}},
  pages     = {10--17},
  year      = {1997},
}

@inproceedings{twitter_parser,
 author = {Kong, Lingpeng and Schneider, Nathan and Swayamdipta, Swabha and Bhatia, Archna and Dyer, Chris and Smith, Noah A.},
 title = {{A Dependency Parser for Tweets}},
 booktitle = {{Proceedings of the Conference on Empirical Methods in Natural Language Processing (EMNLP)}},
 year = {2014},
 location = {Doha, Qatar},
}


@inproceedings{zhou-graphic,
  author    = {Q. Zhou and L. Sun and J. Nie},
  title     = {{Is sum: A multi-document summarizer based on document index graphic and lexical chains}},
  booktitle   = {{Proc. DUC2005}},
  year      = {2005},
}

@inproceedings{yih-content,
  author    = {W.-t. Yih and J. Goodman and L. Vanderwende and H. Suzuki},
  title     = {{Multi-document summarization by maximizing informative content-words}},
  booktitle = {{Proc. IJCAI}},
  pages     = {1776-1782},
  year      = {2007},
}

@inproceedings{gong-cluster,
  author    = {L. Gong and J. Zeng and S. Zhang},
  title     = {{Text stream clustering algorithm based on adaptive feature selection}},
  booktitle = {{Expert Syst. Appl.}},
  volume    = {38},
  pages     = {1393?1399},
  year      = {2011},
}

@inproceedings{ganesan-opinion,
  author    = {Kavita Ganesan and ChengXiang Zhai and Jiawei Han},
  title     = {{Opinosis: a graph-based approach to abstractive summarization of highly redundant opinions}},
  booktitle = {{Proc. COLING}},
  pages     = {340--348},
  year      = {2010},
}

@inproceedings{deep-markov,
  author    = {Deepayan Chakrabarti and Kunal Punera},
  title     = {{Event summarization using tweets}},
  booktitle = {{Proc. AAAI ICWSM}},
  pages     = {340--348},
  year      = {2011},
}

@inproceedings{takamura-2011,
  author    = {H. Takamura and H. Yokono and M. Okumura},
  title     = {{Summarizing a document stream}},
  booktitle = {{Proc. ECIR}},
  year      = {2011},
}

@inproceedings{strube-coherence,
  author    = {Camille Guinaudeau and Michael Strube},
  title     = {{Graph-based local coherence modeling}},
  booktitle = {{Proc. ACL}},
  pages     = {93--103},
  year      = {2013},
}


%   booktitle = {{Proceedings of International Joint Conference on Natural Language Processing (IJCNLP)}},
%  pages = {965--973},
@inproceedings{neubig-safety-info-nlp,
  title = {Safety information mining -- what can NLP do in a disaster --},
  author = {Neubig, Graham and Matsubayashi, Yuichiroh and Hagiwara, Masato and Murakami, Koji},
  booktitle = {{Proc. International Joint Conference on Natural Language Processing (IJCNLP)}},
  year = {2011}
}


@article{sarter-situation-awareness,
    author = {Sarter, N. B. and Woods, D. D.},
    journal = {{The International Journal of Aviation Psychology}},
    number = {1},
    pages = {45--57},
    publisher = {{Lawrence Erlbaum Associates}},
    title = {{Situation awareness: a critical but ill-defined phenomenon}},
    volume = {1},
    year = {1991}
}


%   booktitle = {{Proceedings of Annual Meeting of the Association for Computational Linguistics}},
%   pages = {1619--1629},
%     author = {Varga, Istvan and Sano, Motoki and Torisawa, Kentaro and Hashimoto, Chikara and Ohtake, Kiyonori and Kawai, Takao and Oh, Jong-Hoon and Saeger, Stijn De},
@inproceedings{varga-help-tweets,
  title = {Aid is Out There: Looking for Help from Tweets during a Large Scale Disaster.},
  author = {Varga, Istvan and others},
  booktitle = {{Proc. ACL}},
  year = {2013},
}


%  booktitle = {{Proceedings of the SIGCHI Conference on Human Factors in Computing Systems (CHI)}},
%  pages = {1079--1088},
@inproceedings{Vieweg-situation-awareness-chi,
 author = {Vieweg, Sarah and Hughes, Amanda L. and Starbird, Kate and Palen, Leysia},
 title = {{Microblogging During Two Natural Hazards Events: What Twitter May Contribute to Situational Awareness}},
 booktitle = {{Proc. ACM SIGCHI}},
 year = {2010},
 isbn = {978-1-60558-929-9},
}


%    booktitle = {{Proceedings of International AAAI Conference on Weblogs and Social Media (ICWSM)}},
@inproceedings{verma-nlp-situation-awareness,
   author = {Verma, Sudha and Vieweg, Sarah and Corvey, William J. and Palen, Leysia and Martin, James H.  and Palmer, Martha  and Schram, Aaron and Anderson, Kenneth M.},
 booktitle = {{Proc. AAAI ICWSM}}, 
 title = {{Natural Language Processing to the Rescue? Extracting ``Situational Awareness'' Tweets During Mass Emergency}},
  pages = {},
  year = {2011},
}


@phdthesis{vieweg-phdthesis,
 title = {{Situational Awareness in Mass Emergency: A Behavioral and Linguistic Analysis of Microblogged Communications}},
 author = {Sarah E. Vieweg},
 school = {{University of Colorado Boulder, USA}},
 year = {2012}
}


@article{Yin-socmedia-awareness,
author = {Jie Yin and Andrew Lampert and Mark Cameron and Bella Robinson and Robert Power},
title = {{Using Social Media to Enhance Emergency Situation Awareness}},
journal = {{IEEE Intelligent Systems}},
volume = {27},
number = {6},
issn = {1541-1672},
year = {2012},
pages = {52-59},
publisher = {IEEE Computer Society},
}

@inproceedings{Cameron-situation-awareness,
 author = {Cameron, Mark A. and Power, Robert and Robinson, Bella and Yin, Jie},
 title = {{Emergency Situation Awareness from Twitter for Crisis Management}},
 booktitle = {{Proceedings of the International Conference Companion on World Wide Web (WWW)}},
 year = {2012},
 isbn = {978-1-4503-1230-1},
 location = {Lyon, France},
 pages = {695--698},
 publisher = {ACM},
} 

%   booktitle = {{Proceedings of International AAAI Conference on Weblogs and Social Media (ICWSM)}},
@inproceedings{hannak-2012-weather,
  author = {Aniko Hannak and Eric Anderson and Lisa Feldman Barrett and Sune Lehmann and Alan Mislove and Mirek Riedewald},
  title = {{Tweetin' in the Rain: Exploring societal-scale effects of weather on mood}},
  booktitle = {{Proc. AAAI ICWSM}},
  month = {},
  pages = {},
  year = {2012},
}

@inproceedings{shou-sumblr,
  title = {Sumblr: Continuous Summarization of Evolving Tweet Streams},
  author = {Lidan Shou and Zhenhua Wang and Ke Chen and Gang Chen},
  booktitle = {{Proc. ACM SIGIR}},
  year = {2013},
}

@inproceedings{olariu-2013,
  title = {Hierarchical Clustering in Improving Microblog Stream Summarization},
  author = {Andrei Olariu},
  booktitle = {{Proc. CICLing}},
  pages = {424--435},
  year = {2013},
}


@inproceedings{olariu-2014,
  title = {Efficient Online Summarization of Microblogging Streams},
  author = {Andrei Olariu},
  booktitle = {{Proc. EACL(short paper)}},
  pages = {236--240},
  year = {2014},
}

@inproceedings{gummadi-overload,
  title = {Quantifying Information Overload in Social Media and its Impact on Social Contagions},
  author = {Manuel Gomez-Rodriguez and Krishna P. Gummadi and Bernhard Scholkopf},
  booktitle = {{Proc. AAAI ICWSM}},
  year = {2014},
}

@misc{libsvm,
  key="libsvm",
  title={{LIBSVM -- A Library for Support Vector Machines}},
  note="http://www.csie.ntu.edu.tw/~cjlin/libsvm/",
  year={2013}
}

%   note="\url{http://www.gurobi.com/}",
@misc{gurobi,
  key="gurobi",
  title={{Gurobi -- The overall fastest and best supported solver available}},
  note="http://www.gurobi.com/",
  year = {2015}
}

@misc{aspell,
  key="aspell",
  title={{Aspell-python --- Python wrapper for aspell (C extension and python version)}},
  note="https://github.com/WojciechMula/aspell-python"
}

@misc{hindi-parser,
  key="hindi-parser",
  title={{Hindi parser and pos-tagger}},
  note="http://sivareddy.in/downloads/"
}

%  note =	 {Software available at http://www.csie.ntu.edu.tw/~cjlin/libsvm}
@article{libsvm-paper,
 author = {Chang, Chih-Chung and Lin, Chih-Jen},
 title = {{LIBSVM: A library for support vector machines}},
 journal = {{ACM Transactions on Intelligent Systems and Technology}},
 volume = {2},
 issue = {3},
 year = {2011},
 pages = {27:1--27:27},
}

@inproceedings{lin-rouge,
 author = {Chin-Yew Lin},
 title = {{ROUGE: A package for automatic evaluation of summaries}},
 booktitle = {{Proc. Workshop on Text Summarization Branches Out, ACL}},
 year = {2004},
 pages = {74-81},
}

@inproceedings{Lee-trend-classification,
 author = {Lee, Kathy and Palsetia, Diana and Narayanan, Ramanathan and Patwary, Md. Mostofa Ali and Agrawal, Ankit and Choudhary, Alok},
 title = {{Twitter Trending Topic Classification}},
 booktitle = {{Proceedings of IEEE International Conference on Data Mining Workshops}},
 year = {2011},
 isbn = {978-0-7695-4409-0},
 pages = {251--258},
 publisher = {IEEE Computer Society},
}

@INPROCEEDINGS{Irani-trend-stuffing,
    author = {Danesh Irani and Steve Webb and Calton Pu},
    title = {Study of trend-stuffing on Twitter through text classification},
    booktitle = {{Proceedings of Collaboration, Electronic messaging, Anti-Abuse and Spam Conference (CEAS)}},
    year = {2010},
}


@article{Naaman-characterize-trends,
author = {Naaman, Mor and Becker, Hila and Gravano, Luis},
title = {{Hip and trendy: Characterizing emerging trends on Twitter}},
journal = {Journal of the American Society for Information Science and Technology},
volume = {62},
number = {5},
publisher = {Wiley Subscription Services, Inc., A Wiley Company},
pages = {902--918},
year = {2011},
}


% social / political revolutions 
@misc{iran-twitter,
  key="iran-twitter",
  title="{US confirms it asked Twitter to stay open to help Iran protesters}",
  note="\url{http://tinyurl.com/klv36p}",
  year={2009}
}

@misc{garissa-attack-wiki,
  key="garissa-attack-wiki",
  title={{Garissa University College attack -- Wikipedia}},
  note="\url{http://en.wikipedia.org/wiki/Garissa_University_College_attack}",
  month={April},
  year={2015}
}

%   note="\url{http://en.wikipedia.org/wiki/2015_Nepal_earthquake}",
@misc{nepal-quake-wiki,
  key="nepal-quake-wiki",
  title={{2015 Nepal earthquake -- Wikipedia}},
  note="http://en.wikipedia.org/wiki/2015\_Nepal\_earthquake",
  month={April},
  year={2015}
}

@misc{harda-derailment-wiki,
  key="harda-derailment-wiki",
  title={{2015 Harda train derailment -- Wikipedia}},
  note="http://en.wikipedia.org/wiki/2015\_Harda\_accident",
  month={August},
  year={2015}
}

%   note="\url{http://en.wikipedia.org/wiki/2013_Hyderabad_blasts}",
@misc{hydbad-blast-wiki,
  key="hydbad-blast-wiki",
  title={{Hyderabad blasts -- Wikipedia}},
  note="http://en.wikipedia.org/wiki/2013\_Hyderabad\_blasts",
  month={February},
  year={2013}
}


%   note="\url{http://en.wikipedia.org/wiki/Typhoon_Hagupit}",
@misc{hagupit-wiki,
  key="hagupit-wiki",
  title={{Typhoon Hagupit -- Wikipedia}},
  note="http://en.wikipedia.org/wiki/Typhoon\_Hagupit",
  month={December},
  year={2014}
}

%   note="\url{http://en.wikipedia.org/wiki/Sandy_Hook_Elementary_School_shooting}",
@misc{sandyhook-wiki,
  key="sandyhook-wiki",
  title={{Sandy Hook Elementary School shooting -- Wikipedia}},
  note="http://en.wikipedia.org/wiki/Sandy\_Hook\_Elementary\_School\_shooting",
  month={December},
  year={2012}
}

%   note="\url{http://en.wikipedia.org/wiki/2013_North_India_floods}",
@misc{uttarakhand-flood-wiki,
  key="uttarakhand-flood-wiki",
  title={{North India floods -- Wikipedia}},
  note="http://en.wikipedia.org/wiki/2013\_North\_India\_floods",
  month={June},  
  year={2013}
}

@inproceedings{Tao-duplicate-tweets,
 author = {Tao, Ke and Abel, Fabian and Hauff, Claudia and Houben, Geert-Jan and Gadiraju, Ujwal},
 title = {{Groundhog Day: Near-duplicate Detection on Twitter}},
 booktitle = {{Proc. World Wide Web (WWW)}},
 year = {2013},
}


@misc{twitter-stream-api,
  key = "Twitter-stream-api",
  title =     {{The Streaming APIs | Twitter Developers}},
  url = "https://dev.twitter.com/streaming/overview"
}

@misc{twitter-search-api,
  key = "Twitter-search-api",
  title =     {{Twitter Search API}},
  url = "https://dev.twitter.com/rest/public/search"
}

%%%%%%%%%%%%%%%%%%%%%% other references %%%%%%%%%%%%%%%%%%

@article{Prentice_bond_identity,
 author = {Prentice, D. A. and Miller, D. T. and Lightdale, J. R.},
 title = {{Asymmetries in attachments to groups and to their members: Distinguishing between common-identity and common-bond groups}},
 journal = {{Personality and Social Psychology Bulletin}},
 volume = {20},
 number = {5},
 year = {1994},
 pages = {484--493},
}

@article{page1999pagerank,
  title={The PageRank citation ranking: bringing order to the Web.},
  author={Page, Lawrence and Brin, Sergey and Motwani, Rajeev and Winograd, Terry},
  year={1999},
  publisher={Stanford InfoLab}
}

@article{scikit-learn,
 title={Scikit-learn: Machine Learning in {P}ython},
 author={Pedregosa, F. and Varoquaux, G. and Gramfort, A. and Michel, V.
         and Thirion, B. and Grisel, O. and Blondel, M. and Prettenhofer, P.
         and Weiss, R. and Dubourg, V. and Vanderplas, J. and Passos, A. and
         Cournapeau, D. and Brucher, M. and Perrot, M. and Duchesnay, E.},
 journal={Journal of Machine Learning Research},
 volume={12},
 pages={2825--2830},
 year={2011}
}

@article{sumblr-tkde,
 title={On Summarization and Timeline Generation for Evolutionary Tweet Streams},
 author={Wang, Z. and Shou, L. and Chen, K. and Chen, G. and Mehrotra, S.},
 journal={IEEE Transactions on Knowledge and Data Engineering},
 volume={27},
 pages={1301--1314},
 year={2015}
} 

@article{Ren_identity_bond,
 author = {Ren, Y. and Kraut, R. and Kiesler, S.},
 title = {{Applying Common Identity and Bond Theory to Design of Online Communities}},
 journal = {{Organization Studies}},
 volume = {28},
 number = {3},
 year = {2007},
 pages = {377--408},
}


@article{McMillan_comm_sense,
 author = {McMillan, D. and Chavis, D.},
 title = {Sense of community: A definition and theory},
 journal = {{Journal of Community Psychology}},
 volume = {14},
 number = {1},
 year = {1986},
 pages = {6--23},
} 

@article{Sassenberg_identity_bond,
 author = {Sassenberg, K.},
 title = {{Common bond and common identity groups on the Internet: Attachment and normative behavior in on-topic and off-topic chats}},
 journal = {{Group Dynamics Theory Research And Practice}},
 volume = {6},
 number = {1},
 year = {2002},
 pages = {27--37},
}


@book{wenger-comm-book,
 author = {Wenger, E.},
 title = {Communities of practice: Learning, meaning, and identity},
 year = {1999},
 publisher = {Cambridge University Press},
 address = {New York, NY, USA},
} 

@book{quirk-grammar,
 author = {R. Quirk and S. Greenbaum and G. Leech and J. Svartvik and D. Crystal},
 title = {A comprehensive grammar of the English language},
 year = {1985},
 volume = {397},
 publisher = {Cambridge University Press},
} 

%  booktitle = {{Proc. ACM Conference on Computer Supported Cooperative Work (CSCW)}},
%  pages = {241--244},
@inproceedings{DeChoudhury_Twitter_landscape,
 author = {De Choudhury, Munmun and Diakopoulos, Nicholas and Naaman, Mor},
 title = {{Unfolding the event landscape on twitter: classification and exploration of user categories}},
 booktitle = {{Proc. ACM CSCW}},
 year = {2012},
 isbn = {978-1-4503-1086-4},
 location = {Seattle, Washington, USA},
} 

% The two papers below cover, from different angles, the notion of recommendations within Twitter. One is recommending groupings of friends, the other content for seekers:
%  booktitle = {{Proc. SIGCHI Conference on Human Factors in Computing Systems}},
%  pages = {1185--1194},
@inproceedings{Chen_recommendation,
 author = {Chen, Jilin and Nairn, Rowan and Nelson, Les and Bernstein, Michael and Chi, Ed},
 title = {Short and tweet: experiments on recommending content from information streams},
 booktitle = {{Proc. ACM CHI}},
 year = {2010},
 isbn = {978-1-60558-929-9},
 location = {Atlanta, Georgia, USA},
}


@inproceedings{Gilbert_tie_strength,
 author = {Gilbert, Eric},
 title = {Predicting tie strength in a new medium},
 booktitle = {{Proc. ACM Conference on Computer Supported Cooperative Work (CSCW)}},
 year = {2012},
 isbn = {978-1-4503-1086-4},
 location = {Seattle, Washington, USA},
 pages = {1047--1056},
}
 

%  booktitle = {{Proc. ACM Conference on Web Search and Data Mining (WSDM)}},
%  pages = {627--636}
@inproceedings{Grabowicz_topical_social_groups,
 author = {Grabowicz, Przemyslaw A. and Aiello, Luca Maria and Eguiluz, Victor M. and Jaimes, Alejandro},
 title = {Distinguishing topical and social groups based on common identity and bond theory},
 booktitle = {{Proc. ACM WSDM}},
 year = {2013},
 isbn = {978-1-4503-1869-3},
 location = {Rome, Italy},
} 

@article{huberman08,
  author = {Huberman, B. A. and Romero, D. M. and Wu, F.},
  title = {{Social networks that matter: Twitter under the microscope}},
  journal = {{First Monday}},
  volume = {14},
  number = {1},
  month = {Jan},
  year = {2009}
}

%%%%%%%%%%%%%%%%%%%%%%%%%%%%%%%%%

@book{manning-IR-book,
 author = {Manning, Christopher D. and Raghavan, Prabhakar and Sch\"{u}tze, Hinrich},
 title = {Introduction to Information Retrieval},
 year = {2008},
 isbn = {0521865719, 9780521865715},
 publisher = {Cambridge University Press},
 address = {New York, NY, USA},
} 

@inproceedings{wakita-comm-detection-bias,
 author = {Wakita, Ken and Tsurumi, Toshiyuki},
 title = {Finding community structure in mega-scale social networks: [extended abstract]},
 series = {{Proc. World Wide Web Conference (WWW)}},
 year = {2007},
} 


@article{overlappingSocilGroups,
    author = {George B. Davis and Kathleen M. Carley},
    title = {Clearing the fog: Fuzzy, overlapping groups for social networks},
    journal = {Social Networks},
    year = {2008},
    pages = {201-212}
}

@article{MoodyWhite2003,
    author = {Moody, James and White, Douglas R.},
    journal = {American Sociological Review},
    number = {1},
    pages = {103-127},
    title = {{Structural Cohesion and Embeddedness: A Hierarchical Concept of Social Groups}},
    volume = {68},
    year = {2003}
}

@inproceedings{leskovec10@www,
 author = {Leskovec, Jure and Lang, Kevin J. and Mahoney, Michael},
 title = {Empirical comparison of algorithms for network community detection},
 booktitle = {{Proc. World Wide Web Conference (WWW)}},
 year = {2010}
} 

@article{expansion,
  author = {Radicchi, Filippo and Castellano, Claudio and Cecconi, Federico and Loreto, Vittorio and Parisi, Domenico}, 
  title = {Defining and identifying communities in networks}, 
  volume = {101}, 
  year = {2004},
  journal = {PNAS}
}

@article{newman06@pnas,
  author = {Newman, M. E. J.},
  journal = {{PNAS}},
  page = {8577?8582},
  title = {{Modularity and community structure in networks}},
  number = {23},
  month = {February},
  volume = 103,
  year = 2006
}

@inproceedings{shi1997@cvpr,
 author = {Shi, Jianbo and Malik, Jitendra},
 title = {Normalized Cuts and Image Segmentation},
 booktitle = {Proc. CVPR},
 page = {731-737},
 year = {1997},
} 

@misc{twitter-quote,
  key="twitter-quote",
  title={{Twitter is NOT a Social Network, Says Twitter Exec}},  
  note={\url{http://www.readwriteweb.com/archives/twitter_is_not_a_social_network_says_twitter_exec.php}}
}

@misc{twitter-trends,
  key="twitter-trends",
  title={{To Trend or Not to Trend | Twitter Blogs}},  
  note={\url{https://blog.twitter.com/2010/trend-or-not-trend}}
}


@misc{twitter-who-to-follow,
  key="twitter-who-to-follow",
  title={{Twitter Help Center | Twitter's suggestions for who to follow}},  
  note={\url{https://support.twitter.com/articles/227220-twitter-s-suggestions-for-who-to-follow}}
}


% diffusion of news in blogs
@inproceedings{GomezRodriguez:2010:IND:1835804.1835933,
 author = {Gomez Rodriguez, Manuel and Leskovec, Jure and Krause, Andreas},
 title = {Inferring networks of diffusion and influence},
 booktitle = {{Proc. ACM SIGKDD}},
 year = {2010},
 isbn = {978-1-4503-0055-1},
 location = {Washington, DC, USA},
 pages = {1019--1028},
} 


@inproceedings{Romero:2011:DMI:1963405.1963503,
 author = {Romero, Daniel M. and Meeder, Brendan and Kleinberg, Jon},
 title = {Differences in the mechanics of information diffusion across topics: idioms, political hashtags, and complex contagion on twitter},
 booktitle = {{Proc. World Wide Web Conference (WWW)}},
 year = {2011},
 isbn = {978-1-4503-0632-4},
 location = {Hyderabad, India},
 pages = {695--704},
} 


@inproceedings{lin_topic_diffusion_evolution,
 author = {Lin, Cindy Xide and Mei, Qiaozhu and Jiang, Yunliang and Han, Jiawei and Qi, Shanxiang},
 title = {{Inferring the Diffusion and Evolution of Topics in Social Communities}},
 booktitle = {{Proc. SNA-KDD Workshop}},
 year = {2011},
 pages = {},
} 

%  pages = {378--387},
@inproceedings{Lin_topic_diffusion,
 author = {Lin, Cindy Xide and Mei, Qiaozhu and Han, Jiawei and Jiang, Yunliang and Danilevsky, Marina},
 title = {The Joint Inference of Topic Diffusion and Evolution in Social Communities},
 booktitle = {{Proc. IEEE ICDM}},
 year = {2011},
 isbn = {978-0-7695-4408-3},
} 


@inproceedings{twitter_complete_graph,
 author = {Gabielkov, Maksym and Legout, Arnaud},
 title = {{The complete picture of the Twitter social graph}},
 booktitle = {{ACM CoNEXT Student Workshop}},
 year = {2012},
 isbn = {978-1-4503-1779-5},
 location = {Nice, France},
 pages = {19--20},
} 


@inproceedings{whoiswho_wosn,
 author = {Sharma, Naveen and Ghosh, Saptarshi and Benevenuto, Fabricio and Ganguly, Niloy and Gummadi, Krishna},
 title = {{Inferring Who-is-Who in the Twitter Social Network}},
 booktitle = {{Proc. WOSN Workshop}},
 year = {2012},
 location = {Helsinki, Finland},
} 


@inproceedings{cognos_sigir,
 author = {Ghosh, Saptarshi and Sharma, Naveen and Benevenuto, Fabricio and Ganguly, Niloy and Gummadi, Krishna},
 title = {{Cognos: crowdsourcing search for topic experts in microblogs}},
 booktitle = {{Proc. ACM SIGIR}},
 year = {2012},
 isbn = {978-1-4503-1472-5},
 location = {Portland, Oregon, USA},
} 


%  author    = {Ardon, Sebastien and Bagchi, Amitabha and Mahanti, Anirban and Ruhela, Amit and  Seth, Aaditeshwar and Tripathy, Rudra M. and Triukose, Sipat},
@article{ardon_twitter_topic,
  title     = {{Spatio-temporal analysis of topic popularity in Twitter}},
  author    = {Ardon, Sebastien AND Bagchi, Amitabha AND Mahanti, Anirban and others},
  journal   = {{ arXiv:1111.2904v2 [cs.SI]}},
  year      = {2011},
  ee        = {http://arxiv.org/abs/1111.2904},
}


@inproceedings{ghosh-2012-linkfarmingTwitter,
author = {Ghosh, Saptarshi and Viswanath, Bimal and Kooti, Farshad and Sharma, Naveen Kumar and Korlam, Gautam and Benevenuto, Fabricio and Ganguly, Niloy and Gummaid, Krishna},
title = {{Understanding and Combating Link Farming in the Twitter Social Network}},
booktitle = {{Proc. World Wide Web Conference (WWW)}},
address = {{Lyon, France}},
month = {{April}},
year = {{2012}}
}

%note="\url{http://searchengineland.com/twitter-improves-who-to-follow-results-gains-advanced-search-page-71478}"
@misc{twitter_improves_wtf_sullivan,
  key="twitter_improves_wtf_sullivan",
  title={{Twitter Improves ``Who To Follow'' Results \& Gains Advanced Search Page}},  
  note={\url{http://selnd.com/wtfdesc}}
}



@misc{twitter-discover,
  key="twitter-discover",
  title={{Twitter Blog: Discover better stories}},  
  note={\url{http://blog.twitter.com/2012/05/discover-better-stories.html}}
}


% note = {\url{http://wallblog.co.uk/2012/01/16/twitter-to-hit-500-million-accounts-by-february/}}
@misc{Twitter_Jan2012_465mnUsers,
  title =     {{Twitter to hit 500 million accounts by February}},
  year =     {2012},
  month = {Jan},
  day = {16},
  note = {\url{http://bit.ly/twitpopulation}}
}


@misc{Twitter_May2013_554mnUsers,
  title =     {{Twitter Statistics}},
  year =     {2013},
  month = {May},
  day = {7},
  note = {\url{http://www.statisticbrain.com/twitter-statistics/} (Accessed October 15, 2013)}
}


%  title =     {{Analyst: Twitter passed 500M users in june 2012, 140M of them in US; Jakarta `biggest tweeting' city}},
%  note = {\url{http://techcrunch.com/2012/07/30/analyst-twitter-passed-500m-users-in-june-2012-140m-of-them-in-us-jakarta-biggest-tweeting-city/}}
@misc{Twitter-500Musers,
  key = "Twitter-500Musers",
  title =     {{Analyst: Twitter passed 500M users in june 2012, ... }},
  year =     {2012},
  month = {July},
  day = {30},
  note = {\url{http://tinyurl.com/twitter-jun2012-500mn}}
}

% WebKDD and SNA-KDD workshop on Web mining and social network analysis
%  pages = {56--65},
@inproceedings{Java_whyTwitter,
 author = {Java, Akshay and Song, Xiaodan and Finin, Tim and Tseng, Belle},
 title = {{Why We Twitter: Understanding Microblogging Usage and Communities}},
 booktitle = {{Proc. WEBKDD / SNA-KDD Workshop}},
 year = {2007},
 location = {San Jose, California},
} 

@inproceedings{Krishnamurthy_chirps,
 author = {Krishnamurthy, Balachander and Gill, Phillipa and Arlitt, Martin},
 title = {A few chirps about twitter},
 booktitle = {{Workshop on Online Social Networks (WOSN)}},
 year = {2008},
} 

@inproceedings{ghosh_wosn10,
author = {Ghosh, Saptarshi and Korlam, Gautam and Ganguly, Niloy},
title = {{The effects of restrictions on number of connections in OSNs: a case-study on Twitter}},
booktitle = {{Workshop on Online Social Networks (WOSN)}},
month = {Jun},
year = {2010},
location = {Boston, MA, USA}
}


@book{baezayates99modern,
   author = {R. Baeza-Yates and B. Ribeiro-Neto},
   title = {{Modern Information Retrieval}},
   publisher = {{ACM Press / Addison-Wesley}},
   year = {1999}
}


@book{jones-ir,
   author = {Karen Sparck Jones},
   title = {{Automatic keyword classification for information retrieval}},
   publisher = {Butterworth},
   year = {1971}
}

%  pages = {705--714},
@inproceedings{Wu_whoSaysWhatTwitter,
 author = {Wu, Shaomei and Hofman, Jake M. and Mason, Winter A. and Watts, Duncan J.},
 title = {{Who says what to whom on Twitter}},
 booktitle = {{Proc. World Wide Web Conference (WWW)}},
 year = {2011},
 location = {Hyderabad, India},
} 


@inproceedings{Welch_TwitterLinkSemantics,
 author = {Welch, Michael J. and Schonfeld, Uri and He, Dan and Cho, Junghoo},
 title = {{Topical semantics of Twitter links}},
 booktitle = {{ACM International Conference on Web Search and Data Mining (WSDM)}},
 year = {2011},
 location = {Hong Kong, China},
 pages = {327--336},
} 

@inproceedings{choudhury_diversity1,
  author = {Munmun De Choudhury AND Scott Counts AND Mary Czerwinski},
  booktitle = {{Proc. AAAI ICWSM}},
  title = {{Find Me the Right Content! Diversity-Based Sampling of Social Media Spaces for Topic-Centric Search}},
  year = {2011}
}

@inproceedings{choudhury_diversity2,
 author = {Choudhury, Munmun De and Counts, Scott and Czerwinski, Mary},
 title = {Identifying relevant social media content: leveraging information diversity and user cognition},
 booktitle = {{ ACM Hypertext}},
 year = {2011},
 isbn = {978-1-4503-0256-2},
 location = {Eindhoven, The Netherlands},
 pages = {161--170},
} 

%  booktitle = {{Proc. ACM International Conference on Web Search and Data Mining (WSDM)}},
@inproceedings{Teevan_TwitterSearch,
 author = {Teevan, Jaime and Ramage, Daniel and Morris, Merredith Ringel},
 title = {{\#TwitterSearch: a comparison of microblog search and web search}},
 booktitle = {{Proc. ACM WSDM}},
 year = {2011},
 isbn = {978-1-4503-0493-1},
 location = {Hong Kong, China},
 pages = {35--44},
} 


@book{easley2010,
  title = {{Networks, Crowds, and Markets: Reasoning About a Highly Connected World}},
  author = {David Easley and Jon Kleinberg},
  publisher = {Cambridge University Press},
  ISBN = {9780521195331},
  url = {http://www.cs.cornell.edu/home/kleinber/networks-book/},
  
  year = 2010,
  biburl = {http://www.bibsonomy.org/bibtex/29b041bdba459fdc749a0b13de3d343d3/mstrohm}
}


% pages = {784--793},
@inproceedings{Wang_community_kernels,
 author = {Wang, Liaoruo and Lou, Tiancheng and Tang, Jie and Hopcroft, John E.},
 title = {Detecting Community Kernels in Large Social Networks},
 booktitle = {{Proc. IEEE ICDM}},
 year = {2011},
 isbn = {978-0-7695-4408-3},
} 



@inproceedings{cha@cybernets2012,
 author = {Meeyoung Cha and Fabrício Benevenuto and Hamed Haddadi and Krishna Gummadi},
 title = {{The world of connections and information flow in Twitter}},
 booktitle = {{IEEE Transactions on Systems, Man and Cybernetics - Part A}},
 year = {2012},
} 

@misc{ranking-sports,
  key="ranking-sports",
  title={{Ranking sports' popularity: And the silver goes to ... -- the Economist}},
  note={\url{http://tinyurl.com/7zvcfa7}}
}

@misc{ada-score,
  key="ada-score",
  title={{Americans for Democratic Action}},
  note={\url{www.adaction.org}}
}

@misc{lada-adamic,
  key="lada-adamic",
  title={{Lada Adamic -- University of Michigan}},
  note={\url{www.ladamic.com}}
}

%   note={\url{https://dev.twitter.com/docs/api}}
@misc{twitterAPI,
  key="twitterAPI",
  title={{REST API Resources, Twitter Developers}},
  year={},
  note={https://dev.twitter.com/docs/api}
}

@misc{twitter-verified,
  key="twitter-verified",
  title={{Twitter Verified Accounts, 2012}},
  note={\url{twitter.com/help/verified}}
}


@misc{twitter.recent.nurl,
  key="twitter.recent.nurl",
  title={{L. Rao, Twitter Seeing 90 Million Tweets Per Day, 25 Percent Contain Links,  \textit{TechCrunch}, 2010}},
  note={\url{http://tinyurl.com/27x5cay}}
}

@misc{tunkrank,
  key="tunkrank",
  title="{Tunkrank}",
  note="\url{http://tunkrank.com/}"
}

@misc{iran.twitter,
  key="iran.twitter",
  title="{US confirms it asked Twitter to stay open to help Iran protesters}",
  note="\url{http://tinyurl.com/klv36p}"
}

@misc{socialsharing.facebook,
  key="socialsharing.facebook",
  title="{E. Schonfeld, Facebook Drives 44 Percent of Social Sharing On The Web, \textit{TechCrunch}, 2010}",
  note="\textit{http://tinyurl.com/66qe8kq}"
}


@inproceedings{Haveliwala_TSpagerank,
 author = {Haveliwala, Taher H.},
 title = {Topic-sensitive PageRank},
 booktitle = {{Proc. World Wide Web Conference (WWW)}},
 year = {2002},
 location = {Honolulu, USA},
 pages = {517--526},
} 

@inproceedings{Qu-yushu-earthquake,
 author = {Qu, Yan and Huang, Chen and Zhang, Pengyi and Zhang, Jun},
 title = {{Microblogging After a Major Disaster in China: A Case Study of the 2010 Yushu Earthquake}},
 booktitle = {{Proceedings of the ACM Conference on Computer Supported Cooperative Work (CSCW)}},
 year = {2011},
 isbn = {978-1-4503-0556-3},
 location = {Hangzhou, China},
 pages = {25--34},
 publisher = {ACM},
} 


@inproceedings{earthquake-twitter,
 author = {Takeshi Sakaki and Makoto Okazaki and Yutaka Matsuo},
 title = {{Earthquake shakes Twitter users: real-time event detection by social sensors}},
 booktitle = {{Proc. World Wide Web Conference (WWW)}},
 year = {2010},
 pages = {851--860}
 }


@misc{rww_twitter,
  title =     {{There Are Now 155m Tweets Posted Per Day, Triple the Number a Year Ago}},
  year =     {2011},
  month = {April}, 
  day = {6},
  note = {\url{http://rww.to/gv4VqA}}
}


% http://blog.twitter.com/2009/09/soon-to-launch-lists.html
@misc{lists_tolaunch,
  title = {{Twitter blog: Soon to Launch: Lists}},
  author = {Kallen, Nick},
  year =  {2009},
  month = {Sep}, 
  day = {30},
  note = {\url{http://tinyurl.com/lists-launch}}
}

% http://support.twitter.com/articles/76460-how-to-use-twitter-lists
@misc{lists-howtouse,
  key = "lists-howtouse",
  title = {Twitter Help Center: How to Use Twitter Lists},
  note = {\url{http://tinyurl.com/lists-howtouse} (Accessed October 15, 2013)}
}

@misc{lists_tolaunch2,
  title = {{Twitter Blog: There's a List for That}},
  year =  {2009},
  month = {Oct}, 
  day = {30},
  note = {\url{http://blog.twitter.com/2009/10/theres-list-for-that.html}}
}

@misc{twitter-wtf,
  key="twitter-wtf",
  title={{Twitter: Who to Follow}},
  note="\url{http://twitter.com/who_to_follow}"
}

@inproceedings{wagner_topic_expertise,
 author = {Wagner, Claudia and Liao, Vera and Pirolli, Peter and Nelson, Les and Strohmaier, Markus},
 title = {It's not in their tweets: Modeling topical expertise of Twitter users},
 booktitle = {Proc. ASE/IEEE SocialCom},
 year = {2012},
 location = {Amsterdam, The Netherlands},
 pages = {},
} 


@misc{techcrunch_mostlisted,
  title = {{TechCrunch: Who Are The Most Listed Twitter Users?}},
  author = {Robin Wauters},
  year =  {2010},
  month = {Aug}, 
  day = {23},
  note = {\url{http://support.twitter.com/articles/76460-how-to-use-twitter-lists}}
}

@article{blei_lda,
 author = {Blei, David M. and Ng, Andrew Y. and Jordan, Michael I.},
 title = {{Latent Dirichlet Allocation}},
 journal = {{The Journal of Machine Learning Research}},
volume = {3},
 month = mar,
 year = {2003},
 pages = {993--1022},
}

@inproceedings{Castillo_InfoCredibilityTwitter_www11,
 author = {Castillo, Carlos and Mendoza, Marcelo and Poblete, Barbara},
 title = {{Information credibility on Twitter}},
 booktitle = {{Proc. World Wide Web Conference (WWW)}},
 year = {2011},
 location = {Hyderabad, India},
 pages = {675--684},
 numpages = {10},
} 


@misc{Klout,
  title =     {{Klout: The Standard for Influence}},
  year =     {2011},
  note = {\url{http://klout.com/home}}
}

@misc{GoogleRanksTweets,
  title =     {{How Google Ranks Tweets}},
  author = {Talbot, David},
  year =     {2010},
  month = {Jan},  
  note = {\url{http://www.technologyreview.in/web/24353/} (Accessed October 15, 2013)}
}

@inproceedings{lerman_info_contagion,
  author = {Lerman, K. and Ghosh, R.},
  booktitle = {{Proc. AAAI ICWSM}},
  title = {{Information contagion: An empirical study of the spread of news on Digg and Twitter social networks}},
  year = {2010}
}

@inproceedings{An_media_landscape,
    author = {An, Jisun and Cha, Meeyoung and Gummadi, Krishna and Crowcroft, Jon},
    title = {{Media landscape in Twitter: A world of new conventions and political diversity}},
  booktitle = {{Proc. AAAI ICWSM}},
    year = {2011}
}

@inproceedings{Bakshy_influence_twitter,
 author = {Bakshy, Eytan and Hofman, Jake M. and Mason, Winter A. and Watts, Duncan J.},
 title = {{Everyone's an influencer: quantifying influence on Twitter}},
 booktitle = {{Proc. ACM WSDM}},
 year = {2011},
 isbn = {978-1-4503-0493-1},
 location = {Hong Kong, China},
 pages = {65--74},
} 


@inproceedings{cha_icwsm10,
  author = {Cha, Meeyoung and Haddadi, Hamed and Benevenuto, Fabricio and Gummadi, Krishna P.},
  title = {{Measuring User Influence in Twitter: The Million Follower Fallacy}},
  booktitle = {{Proc. AAAI ICWSM}},
  year = {2010},
  month = {May},
  location = {Washington DC, USA}
}

@inproceedings{Hecht-twitter-user-location,
 author = {Hecht, Brent and Hong, Lichan and Suh, Bongwon and Chi, Ed H.},
 title = {{Tweets from Justin Bieber's Heart: The Dynamics of the Location Field in User Profiles}},
 booktitle = {{SIGCHI Conference on Human Factors in Computing Systems (CHI)}},
 year = {2011},
 isbn = {978-1-4503-0228-9},
 location = {Vancouver, BC, Canada},
 pages = {237--246},
}

@inproceedings{twitterRank_wsdm10,
 author = {Weng, Jianshu and Lim, Ee-Peng and Jiang, Jing and He, Qi},
 title = {TwitterRank: finding topic-sensitive influential twitterers},
 booktitle = {{ACM International Conference on Web Search and Data Mining (WSDM)}},
 year = {2010},
 isbn = {978-1-60558-889-6},
 location = {New York, USA},
 pages = {261--270},
} 

%  pages = {417--426},
@inproceedings{Wu_SocialAnnotation,
 author = {Wu, Xian and Zhang, Lei and Yu, Yong},
 title = {Exploring social annotations for the semantic web},
 booktitle = {{Proc. World Wide Web Conference (WWW)}},
 year = {2006},
 isbn = {1-59593-323-9},
 location = {Edinburgh, Scotland},
} 

%  author = {Dill, Stephen and Eiron, Nadav and Gibson, David and Gruhl, Daniel and Guha, R. and Jhingran, Anant and Kanungo, Tapas and Rajagopalan, Sridhar and Tomkins, Andrew and Tomlin, John A. and Zien, Jason Y.},
%  pages = {178--186},
@inproceedings{Dill_SemanticAnnotation,
 author = {Dill, Stephen and others},
 title = {SemTag and seeker: bootstrapping the semantic web via automated semantic annotation},
 booktitle = {{Proc. World Wide Web Conference (WWW)}},
 year = {2003},
 isbn = {1-58113-680-3},
 location = {Budapest, Hungary},

} 

@article{Sakurai:2011:CMB:1937037.1937039,
 author = {Sakurai, Shigeaki and Tsutsui, Hideki},
 title = {A clustering method of bloggers based on social annotations},
 journal = {{International Journal of Business Intelligence and Data Mining}},
 volume = {6},
 issue = {1},
 month = {Jan},
 year = {2011},
 issn = {1743-8195},
 pages = {26--41},
 publisher = {Inderscience Publishers},
} 

%  pages = {303-312},
@inproceedings{bernstein_eddi,
 author = {Bernstein, Michael S. and Suh, Bongwon and Hong, Lichan and Chen, Jilin and Kairam, Sanjay and Chi, Ed H.},
 title = {{Eddi: interactive topic-based browsing of social status streams}},
 booktitle = {{ACM symposium on User interface software and technology (UIST)}},
 year = {2010},
 location = {},
} 

%  pages = {97--100},
@inproceedings{Bernstein_collabio,
 author = {Bernstein, Michael and Tan, Desney and Smith, Greg and Czerwinski, Mary and Horvitz, Eric},
 title = {Collabio: a game for annotating people within social networks},
 booktitle = {{ACM symposium on User interface software and technology (UIST)}},
 year = {2009},
 location = {Victoria, BC, Canada},
} 


@inproceedings{Ramage_TweetTopicModel,
 author = {Ramage, Daniel and Dumais, Susan and Liebling, Dan},
 title = {{Characterizing Microblogs with Topic Models}},
 booktitle = {{Proc. AAAI ICWSM}},
 year = {2010},
 location = {},
 pages = {},
} 

@inproceedings{Ghosh_linkfarming,
 author = {Ghosh, Saptarshi and Viswanath, Bimal and Kooti, Farshad and Sharma, Naveen and Korlam, Gautam and Benevenuto, Fabricio and Ganguly, Niloy and Gummadi, Krishna},
 title = {{Understanding and Combating Link Farming in the Twitter Social Network}},
 booktitle = {{Proc. World Wide Web Conference (WWW)}},
 year = {2012},
 location = {Lyon, France},
 pages = {},
} 

@inproceedings{Bhattacharya-topical-groups,
 author = {Bhattacharya, Parantapa and Ghosh, Saptarshi and Kulshrestha, Juhi and Mondal, Mainack and Zafar, Muhammad Bilal and Ganguly, Niloy and Gummadi, Krishna P.},
 title = {{Deep Twitter Diving: Exploring Topical Groups in Microblogs at Scale}},
 booktitle = {{ACM Conference on Computer Supported Cooperative Work \& Social Computing (CSCW)}},
 year = {2014},
 isbn = {978-1-4503-2540-0},
 location = {Baltimore, Maryland, USA},
 pages = {197--210},
} 


% pages = {591--600},
@inproceedings{Kwak_Twitter_socialmedia,
 author = {Kwak, Haewoon and Lee, Changhyun and Park, Hosung and Moon, Sue},
 title = {{What is Twitter, a social network or a news media?}},
 booktitle = {{Proc. World Wide Web Conference (WWW)}},
 year = {2010},
 isbn = {978-1-60558-799-8},
 location = {Raleigh, North Carolina, USA},
} 

%  pages = {695--704},
@inproceedings{Leskovec_conductance,
 author = {Leskovec, Jure and Lang, Kevin J. and Dasgupta, Anirban and Mahoney, Michael W.},
 title = {Statistical properties of community structure in large social and information networks},
 booktitle = {{Proc. World Wide Web Conference (WWW)}},
 year = {2008},
 isbn = {978-1-60558-085-2},
 location = {Beijing, China},
} 



@inproceedings{Michelson_topics_Twitter,
 author = {Michelson, Matthew and Macskassy, Sofus A.},
 title = {{Discovering users' topics of interest on Twitter: a first look}},
 booktitle = {{Workshop on Analytics for Noisy unstructured text Data (AND)}},
 year = {2010},
 location = {Toronto, ON, Canada},
} 


@inproceedings{kedzie-2014,
 author = {Kedzie, Chris and McKeown, Kathleen and Diaz, Fernando},
 title = {{Summarizing Disasters Over Time}},
 booktitle = {{Bloomberg Workshop on Social Good (with SIGKDD)}},
 year = {2014},
 location = {Texas, Usa},
}

@inproceedings{kedzie-2015,
 author = {Kedzie, Chris and McKeown, Kathleen and Diaz, Fernando},
 title = {{Predicting Salient Updates for Disaster Summarization}},
 booktitle = {{Proc. ACL}},
 year = {2015},
 location = {Beijing, China},
}



@inproceedings{zubiaga-2012,
 author = {Zubiaga, Arkaitz and Spina, Damiano and Amigo, Enrique and Gonzalo, Julio},
 title = {{Towards Real-Time Summarization of Scheduled Events from Twitter Streams}},
 booktitle = {{Hypertext(Poster)}},
 year = {2012},
} 

@inproceedings{asif-socialcom-2013,
 author = {Khan, Muhammad Asif Hossain and Bollegala, Danushka and Liu, Guangwen and Sezaki, Kaoru},
 title = {{Multi-Tweet Summarization of Real-Time Events}},
 booktitle = {{Socialcom}},
 year = {2013},
}

@inproceedings{agarwal-long-tail,
 author = {Agarwal, Puneet and Vaithiyanathan, Rajgopal and Sharma, Saurabh and Shroff, Gautam},
 title = {{Catching the Long-Tail: Extracting Local News Events from Twitter}},
 booktitle = {{Proc. ICWSM}},
 year = {2011},
} 
 

@inproceedings{Dave_ActionCascades,
   author = {Dave, Kushal Shailesh and Bhatt, Rushi and Varma, Vasudeva},
   title = {{Modelling Action Cascades in Social Networks}},
   booktitle = {{AAAI International Conference on Weblogs and Social Media (ICWSM)}},
   year = {2011},
   month = {Jul},
   location = {Barcelona, Spain},
   pages = {}
}

%    booktitle = {ACM SIGCOMM Internet Measurement Conference (IMC)},
@inproceedings{rodrigues@imc11,
   author = {Tiago Rodrigues and Fabr\'{\i}cio  Benevenuto and Meeyoung Cha and Krishna P. Gummadi and Virg\'{\i}lio  Almeida},
   title = {On Word-of-Mouth Based Discovery of the Web},
   booktitle = {{ ACM IMC}},
   year = {2009}
}

@inproceedings{Ravali_TwitterList_enir,
   author = {Pochampally, Ravali and Varma, Vasudeva},
   title = {{User context as a source of topic retrieval in Twitter}},
   booktitle = {{Workshop on Enriching Information Retrieval (with ACM SIGIR)}},
   year = {2011},
   month = {Jul},
   location = {Beijing, China},
   pages = {}
}

% ACM CHI Workshop on Microblogging: What and How Can We Learn From It?
%    month = {Apr},
@inproceedings{Kim_TwitterList,
    author = {Kim, Dongwoo and Jo, Yohan and Moon, Il-Chul and Oh, Alice},
    title = {{Analysis of Twitter Lists as a Potential Source for Discovering Latent Characteristics of Users}},
   booktitle = {{ACM CHI Workshop on Microblogging}},
   year = {2010},
   location = {Atlanta, Georgia, USA},
   pages = {}
}


@inproceedings{Welch_LinkSemantics,
 author = {Welch, Michael J. and Schonfeld, Uri and He, Dan and Cho, Junghoo},
 title = {{Topical semantics of Twitter links}},
 booktitle = {{ACM International Conference on Web Search and Data Mining (WSDM)}},
 year = {2011},
 isbn = {978-1-4503-0493-1},
 location = {Hong Kong, China},
 pages = {327--336},
} 

%  pages = {45--54},
@inproceedings{Pal_TopicalAuthorityTwitter,
 author = {Pal, Aditya and Counts, Scott},
 title = {Identifying topical authorities in microblogs},
 booktitle = {{ACM International Conference on Web Search and Data Mining (WSDM)}},
 year = {2011},
 isbn = {978-1-4503-0493-1},
 location = {Hong Kong, China},
} 

%  booktitle = {{Proceedings of ACM International Conference on Conference on Information \& Knowledge Management (CIKM)}},
%  pages = {1739--1744},
@inproceedings{sampling-cikm,
 author = {Ghosh, Saptarshi and Zafar, Muhammad Bilal and Bhattacharya, Parantapa and Sharma, Naveen and Ganguly, Niloy and Gummadi, Krishna},
 title = {{On Sampling the Wisdom of Crowds: Random vs. Expert Sampling of the Twitter Stream}},
 booktitle = {{ACM CIKM}},
 year = {2013},
 isbn = {978-1-4503-2263-8},
 location = {San Francisco, California, USA},
}

%%%% papers on identifying influential users %%%%%%%%

@article{hits,
 author = {Kleinberg, Jon M.},
 title = {Authoritative sources in a hyperlinked environment},
 journal = {{Journal of the ACM}},
 volume = {46},
 number = {5},
 month = {Sep},
 year = {1999},
 issn = {0004-5411},
 pages = {604--632},
}

@inproceedings{Bakshy_quantifyInfluenceTwitter,
 author = {Bakshy, Eytan and Hofman, Jake M. and Mason, Winter A. and Watts, Duncan J.},
 title = {{Everyone's an influencer: quantifying influence on Twitter}},
 booktitle = {{ACM WSDM}},
 year = {2011},
 isbn = {978-1-4503-0493-1},
 location = {Hong Kong, China},
 pages = {65--74},
} 


@inproceedings{Lee_Influential_InformationAdoption,
 author = {Lee, Changhyun and Kwak, Haewoon and Park, Hosung and Moon, Sue},
 title = {{Finding influentials based on the temporal order of information adoption in Twitter}},
 booktitle = {{Proc. World Wide Web Conference (WWW)}},
 year = {2010},
 isbn = {978-1-60558-799-8},
 location = {Raleigh, North Carolina, USA},
 pages = {1137--1138},
} 


@inproceedings{Romero_influencePassivity,
 author = {Romero, Daniel M. and Galuba, Wojciech and Asur, Sitaram and Huberman, Bernardo A.},
 title = {{Influence and passivity in social media}},
 booktitle = {{Proc. World Wide Web Conference (WWW)}},
 year = {2011},
 isbn = {978-1-4503-0637-9},
 location = {Hyderabad, India},
 pages = {113--114},
} 

@inproceedings{Hong_predictPopularMessages,
 author = {Hong, Liangjie and Dan, Ovidiu and Davison, Brian D.},
 title = {{Predicting popular messages in Twitter}},
 booktitle = {{Proc. World Wide Web Conference (WWW)}},
 year = {2011},
 isbn = {978-1-4503-0637-9},
 location = {Hyderabad, India},
 pages = {57--58},
} 


@inproceedings{aidr-imran,
 author = {Imran, Muhammad and Castillo, Carlos and Lucas, Ji and Meier, Patrick and Veweg, Sarah},
 title = {AIDR: Artificial Intelligence for Disaster Response},
 booktitle = {Proc. WWW Companion},
 year = {2014},
 location = {Seoul, Korea},
} 


%%%%%%%%%%%% COMMUNITY DETECTION %%%%%%%%%%%%%

@inproceedings{ground_truth_comm,
 author = {Yang, Jaewon and Leskovec, Jure},
 title = {Defining and evaluating network communities based on ground-truth},
 booktitle = {Proc. MDS Workshop},
 year = {2012},
 isbn = {978-1-4503-1546-3},
 location = {Beijing, China},
} 



@Article{Girvan,
author = {{Girvan, M. and Newman, M. E. J.}},
journal = {PNAS},
month = jun,
number = "12",
pages = "7821--7826",
publisher = {National Academy of Sciences},
title = {{Community structure in social and biological networks}},
volume = "99",
year = "2002",
}

@article{santo,
  author = {Fortunato, S.},
  title = {Community detection in graphs},
  journal = {{Physics Reports}},
  volume = {486},
  number = {3-5},
  pages = {75--174},
  year = {2010}
}

@article{rosvall,
  author = {Rosvall, M. and Bergstrom, C.T.},
  journal = {PNAS},
  number = {18},
  publisher = {National Academy of Sciences},
  title = {{An information-theoretic framework for resolving community structure in complex networks}},
  volume = 104,
  year = 2007,
}

@article{Blondel,
  author = {Vincent D. Blondel AND Jean-Loup Guillaume AND Renaud Lambiotte AND Etienne Lefebvre},
  journal = {{Journal of Statistical Mechanics: Theory and Experiment}},
  number = {18},
  title = {Fast unfolding of communities in large networks},
  month = {October},
  year = 2008
}

@article{clique,
  author = {Palla, Gergely and Der?nyi, Imre and Farkas, Ill?s and Vicsek, Tam?s},
  journal = {Nature},
  month = {June},
  number = 7043,
  pages = {814--818},
  title = {Uncovering the overlapping community structure of complex networks
in nature and society},
  volume = 435,
  year = 2005
}

